<?xml version="1.0" encoding="UTF-8"?><collection xmlns="http://www.loc.gov/MARC21/slim"><record><leader>00595nam--2200169-i-4500</leader><controlfield tag="001">000011939</controlfield><controlfield tag="002">20161230</controlfield><controlfield tag="005">20161230201029</controlfield><controlfield tag="008">060222s1000------------r-----000-0-eng-d</controlfield><datafield ind1=" " ind2=" " tag="040"><subfield code="a">IFIN-HH</subfield></datafield><datafield ind1=" " ind2=" " tag="080"><subfield code="a">539.124.14:537.222(047.3)</subfield></datafield><datafield ind1="1" ind2=" " tag="100"><subfield code="a">Danescu, Dan Petru</subfield></datafield><datafield ind1="1" ind2="0" tag="245"><subfield code="a">Spin of the electron interpreted as a revolution and a translation motion. elementary electric charge structure and cft symmetry</subfield><subfield code="c">Dan petru danescu</subfield></datafield><datafield ind1=" " ind2=" " tag="260"><subfield code="a">Bucharest</subfield><subfield code="b">Central Of Equipments And Spare Parts For Chemical Industry</subfield><subfield code="c">1977</subfield></datafield><datafield ind1=" " ind2=" " tag="300"><subfield code="a">33P</subfield></datafield><datafield ind1=" " ind2=" " tag="852"><subfield code="a">44210</subfield><subfield code="c">539.12</subfield></datafield><datafield ind1=" " ind2=" " tag="CAT"><subfield code="a">Sys</subfield><subfield code="c">20111125</subfield><subfield code="h">130308</subfield></datafield></record></collection>